<?xml version="1.0" encoding="UTF-8"?><collection xmlns="http://www.loc.gov/MARC21/slim"><record><leader>00500nam--2200169-u-4500</leader><controlfield tag="001">000052175</controlfield><controlfield tag="002">20161230</controlfield><controlfield tag="005">20161230201049</controlfield><controlfield tag="008">100318s1000------------r-----000-0-rus-d</controlfield><datafield ind1=" " ind2=" " tag="040"><subfield code="a">IFIN-HH</subfield></datafield><datafield ind1=" " ind2=" " tag="041"><subfield code="a">rus</subfield></datafield><datafield ind1="1" ind2=" " tag="245"><subfield code="a">Tabliti logarifmov gamma-functii v complecsnoi oblasti</subfield><subfield code="b">Table of the Gamma Function for Complex Arguments</subfield></datafield><datafield ind1=" " ind2=" " tag="260"><subfield code="a">Sssr</subfield><subfield code="b">Mosckva</subfield><subfield code="c">1966</subfield></datafield><datafield ind1=" " ind2=" " tag="300"><subfield code="a">105 p</subfield></datafield><datafield ind1=" " ind2=" " tag="490"><subfield code="a">Biblioteca matematiceskikh tabliti</subfield><subfield code="v">vol. 40</subfield></datafield><datafield ind1=" " ind2=" " tag="852"><subfield code="a">25324</subfield><subfield code="c">518.2</subfield></datafield><datafield ind1=" " ind2=" " tag="CAT"><subfield code="a">Sys</subfield><subfield code="c">20100318</subfield><subfield code="h">100757</subfield></datafield></record></collection>